<record xmlns="http://www.loc.gov/MARC21/slim">
   <leader>01460cam a2200361 a 4500</leader>
   <controlfield tag="001">1312751</controlfield>
   <controlfield tag="008">900815s1985    nvu      b   s    0 eng c</controlfield>
   <datafield ind1=" " ind2=" " tag="035">
      <subfield code="a">ocm13074707</subfield>
   </datafield>
   <datafield ind1=" " ind2=" " tag="040">
      <subfield code="b">eng</subfield>
   </datafield>
   <datafield ind1=" " ind2=" " tag="043">
      <subfield code="a">n-us-nv</subfield>
   </datafield>
   <datafield ind1=" " ind2=" " tag="049">
      <subfield code="a">AEU</subfield>
      <subfield code="b">eng</subfield>
   </datafield>
   <datafield ind1=" " ind2="3" tag="055">
      <subfield code="a">E 78 N4</subfield>
      <subfield code="b">P372 1985</subfield>
   </datafield>
   <datafield ind1="0" ind2=" " tag="090">
      <subfield code="a">E 78 N4 P372 1985</subfield>
   </datafield>
   <datafield ind1="1" ind2=" " tag="100">
      <subfield code="a">Pedrick, Kathryn E.</subfield>
   </datafield>
   <datafield ind1="1" ind2="4" tag="245">
      <subfield code="a">The Lake Range Quarry, Washoe County, Nevada /</subfield>
      <subfield code="c">Kathryn E. Pedrick.</subfield>
   </datafield>
   <datafield ind1=" " ind2=" " tag="260">
      <subfield code="a">Reno, Nev. :</subfield>
      <subfield code="b">Bureau of Land Management, Nev.,</subfield>
      <subfield code="c">1985.</subfield>
   </datafield>
   <datafield ind1=" " ind2=" " tag="300">
      <subfield code="a">iv, 29 p. :</subfield>
      <subfield code="b">ill., maps ;</subfield>
      <subfield code="c">28 cm.</subfield>
   </datafield>
   <datafield ind1=" " ind2=" " tag="336">
      <subfield code="a">text</subfield>
      <subfield code="b">txt</subfield>
      <subfield code="2">rdacontent</subfield>
   </datafield>
   <datafield ind1=" " ind2=" " tag="337">
      <subfield code="a">unmediated</subfield>
      <subfield code="b">n</subfield>
      <subfield code="2">rdamedia</subfield>
   </datafield>
   <datafield ind1=" " ind2=" " tag="338">
      <subfield code="a">volume</subfield>
      <subfield code="b">nc</subfield>
      <subfield code="2">rdacarrier</subfield>
   </datafield>
   <datafield ind1="1" ind2=" " tag="490">
      <subfield code="a">Contributions to the study of cultural resources. Technical report.</subfield>
      <subfield code="v">no. 14</subfield>
   </datafield>
   <datafield ind1=" " ind2=" " tag="504">
      <subfield code="a">Bibliography: p. 27-29.</subfield>
   </datafield>
   <datafield ind1=" " ind2=" " tag="596">
      <subfield code="a">43</subfield>
   </datafield>
   <datafield ind1=" " ind2="0" tag="650">
      <subfield code="a">Excavations (Archaeology)</subfield>
      <subfield code="z">Nevada</subfield>
      <subfield code="z">Washoe County.</subfield>
   </datafield>
   <datafield ind1=" " ind2="0" tag="650">
      <subfield code="a">Indians of North America</subfield>
      <subfield code="z">Great Basin</subfield>
      <subfield code="z">Nevada</subfield>
      <subfield code="x">Quarries.</subfield>
   </datafield>
   <datafield ind1=" " ind2="0" tag="650">
      <subfield code="a">Paiute Indians</subfield>
      <subfield code="x">Quarries.</subfield>
   </datafield>
   <datafield ind1=" " ind2="0" tag="650">
      <subfield code="a">Quarries and quarrying</subfield>
      <subfield code="z">Nevada</subfield>
      <subfield code="z">Washoe County.</subfield>
   </datafield>
   <datafield ind1=" " ind2="0" tag="650">
      <subfield code="a">Chert</subfield>
      <subfield code="z">Nevada</subfield>
      <subfield code="z">Washoe County.</subfield>
   </datafield>
   <datafield ind1=" " ind2="0" tag="651">
      <subfield code="a">Lake Range Quarry (Nev.)</subfield>
      <subfield code="x">Antiquities.</subfield>
   </datafield>
   <datafield ind1=" " ind2="0" tag="651">
      <subfield code="a">Nevada</subfield>
      <subfield code="x">Antiquities.</subfield>
   </datafield>
   <datafield ind1="1" ind2=" " tag="710">
      <subfield code="a">United States.</subfield>
      <subfield code="b">Bureau of Land Management.</subfield>
      <subfield code="b">Nevada State Office.</subfield>
   </datafield>
   <datafield ind1=" " ind2="0" tag="830">
      <subfield code="a">Contributions to the study of cultural resources.</subfield>
      <subfield code="p">Technical report. ;</subfield>
      <subfield code="v">no. 14.</subfield>
   </datafield>
   <datafield ind1=" " ind2=" " tag="926">
      <subfield code="a">E 78 N4 P372 1985</subfield>
      <subfield code="w">LC</subfield>
      <subfield code="c">1</subfield>
      <subfield code="i">000033686346</subfield>
      <subfield code="d">5/9/2005</subfield>
      <subfield code="e">1/11/2005</subfield>
      <subfield code="l">ON_SHELF</subfield>
      <subfield code="m">UAHSS</subfield>
      <subfield code="n">5</subfield>
      <subfield code="p">$150.00</subfield>
      <subfield code="r">Y</subfield>
      <subfield code="s">Y</subfield>
      <subfield code="t">BOOK</subfield>
      <subfield code="u">8/27/1990</subfield>
   </datafield>
</record>
